@inproceedings{baarslag2012decoupling,
  title={Decoupling negotiating agents to explore the space of negotiation strategies},
  author={Baarslag, Tim and Hindriks, Koen and Hendrikx, Mark and Dirkzwager, Alex and Jonker, Catholijn},
  booktitle={Proceedings of the 5th International Workshop on Agent-based Complex Automated Negotiations, ACAN},
  year={2012}
}

@book{russel-norvig,
 author = {Russell, Stuart J. and Norvig, Peter},
 title = {Artificial Intelligence: A Modern Approach},
 year = {2003},
 isbn = {0137903952},
 edition = {2},
 publisher = {Pearson Education},
} 