@incollection{
year={2013},
isbn={978-3-642-30736-2},
booktitle={Complex Automated Negotiations: Theories, Models, and Software Competitions},
volume={435},
series={Studies in Computational Intelligence},
editor={Ito, Takayuki and Zhang, Minjie and Robu, Valentin and Matsuo, Tokuro},
doi={10.1007/978-3-642-30737-9_18},
title={A Tit for Tat Negotiation Strategy for Real-Time Bilateral Negotiations},
url={http://dx.doi.org/10.1007/978-3-642-30737-9_18},
publisher={Springer Berlin Heidelberg},
author={Baarslag, Tim and Hindriks, Koen and Jonker, Catholijn},
pages={229-233}
}
