@inproceedings{baarslag2012decoupling,
  title={Decoupling negotiating agents to explore the space of negotiation strategies},
  author={Baarslag, Tim and Hindriks, Koen and Hendrikx, Mark and Dirkzwager, Alex and Jonker, Catholijn},
  booktitle={Proceedings of the 5th International Workshop on Agent-based Complex Automated Negotiations, ACAN},
  year={2012}
}

@book{russel-norvig,
 author = {Russell, Stuart J. and Norvig, Peter},
 title = {Artificial Intelligence: A Modern Approach},
 year = {2003},
 isbn = {0137903952},
 edition = {2},
 publisher = {Pearson Education},
} 

@article{titfortat,
	year={2013},
	isbn={978-3-642-30736-2},
	booktitle={Complex Automated Negotiations: Theories, Models, and Software Competitions},
	volume={435},
	series={Studies in Computational Intelligence},
	editor={Ito, Takayuki and Zhang, Minjie and Robu, Valentin and Matsuo, Tokuro},
	doi={10.1007/978-3-642-30737-9_18},
	title={A Tit for Tat Negotiation Strategy for Real-Time Bilateral Negotiations},
	url={http://dx.doi.org/10.1007/978-3-642-30737-9_18},
	publisher={Springer Berlin Heidelberg},
	author={Baarslag, Tim and Hindriks, Koen and Jonker, Catholijn},
	pages={229-233}
}

@incollection{baarslag2013acceptance,
  title={Acceptance conditions in automated negotiation},
  author={Baarslag, Tim and Hindriks, Koen and Jonker, Catholijn},
  booktitle={Complex Automated Negotiations: Theories, Models, and Software Competitions},
  pages={95--111},
  year={2013},
  publisher={Springer}
}